@article{Zhou2018,
   author  = {Qian-Yi Zhou and Jaesik Park and Vladlen Koltun},
   title   = {{Open3D}: {A} Modern Library for {3D} Data Processing},
   journal = {arXiv:1801.09847},
   year    = {2018},
}

@misc{faconti2024bonxai,
  author       = {Faconti, Davide},
  title        = {{Bonxai}: Fast, hierarchical, sparse Voxel Grid},
  howpublished = {\url{https://github.com/facontidavide/Bonxai}},
  year         = {2024},
  note         = {Release v0.6.0 (2024-11-10). MPL-2.0 license}
}

@article{doi:10.1126/scirobotics.abm6074,
    author = {Steven Macenski and Tully Foote and Brian Gerkey and Chris Lalancette and William Woodall},
    title = {Robot Operating System 2: Design, architecture, and uses in the wild},
    journal = {Science Robotics},
    volume = {7},
    number = {66},
    pages = {eabm6074},
    year = {2022},
    doi = {10.1126/scirobotics.abm6074},
    URL = {https://www.science.org/doi/abs/10.1126/scirobotics.abm6074}
}

@article{smith1987slam,
  author    = {Smith, Randall and Cheeseman, Peter},
  title     = {On the Representation and Estimation of Spatial Uncertainty},
  journal   = {The International Journal of Robotics Research},
  volume    = {5},
  number    = {4},
  pages     = {56--68},
  year      = {1987},
  doi       = {10.1177/027836498600500404},
  url       = {https://doi.org/10.1177/027836498600500404}
}

@inproceedings{thrun2002openloop,
  author    = {Thrun, Sebastian and Burgard, Wolfram and Fox, Dieter},
  title     = {Probabilistic Robotics and the Problem of Open-Loop SLAM},
  booktitle = {Proceedings of the National Conference on Artificial Intelligence (AAAI)},
  year      = {2002},
  pages     = {1184--1189},
  url       = {https://www.aaai.org/Papers/AAAI/2002/AAAI02-178.pdf},
  note      = {Introduces and discusses open-loop SLAM and its limitations}
}

@misc{wired1996voxels_medical,
  author       = {{Wired Staff}},
  title        = {Voxels Allow Doctors to Get Beneath the Surface},
  howpublished = {Wired (online, 1996)},
  year         = {1996},
  note         = {Describes the usage of voxels for 3D visualization from CT and MRI},
  url          = {https://www.wired.com/1996/12/voxels-allow-doctors-to-get-beneath-the-surface/}
}

@misc{voxelman1986history,
  author       = {{VOXEL-MAN Project}},
  title        = {History of the VOXEL-MAN project (first 3D medical voxel visualizations)},
  howpublished = {University Medical Center Hamburg-Eppendorf (VOXEL-MAN documentation)},
  year         = {1986},
  note         = {Early 3D voxel-based visualization combining CT and MRI},
  url          = {https://www.voxel-man.de/museum/web-en/UKE-geschichte-web-en/UKE-geschichte-web-en.html}
}

@misc{wiki_voxel_definition,
  author       = {{Wikipedia contributors}},
  title        = {Voxel},
  howpublished = {Wikipedia, latest revision},
  year         = {2025},
  note         = {Definition and application of voxels in visualization and GIS},
  url          = {https://en.wikipedia.org/wiki/Voxel}
}

@article{lorensen1987marchingcubes,
  author       = {Lorensen, William E. and Cline, Harvey E.},
  title        = {Marching Cubes: A High Resolution 3D Surface Construction Algorithm},
  journal      = {ACM SIGGRAPH Computer Graphics},
  volume       = {21},
  number       = {4},
  pages        = {163--169},
  year         = {1987},
  doi          = {10.1145/37402.37422},
  note         = {Algorithm extracting polygonal meshes from voxel data},
  url          = {https://dl.acm.org/doi/10.1145/37402.37422}
}

@misc{python,
  title        = {Python Programming Language},
  author       = {{Python Software Foundation}},
  year         = {2025},
  url          = {https://www.python.org/},
  note         = {Version 3.x, accessed 2025-09-08}
}

@misc{cpp,
  title        = {ISO/IEC 14882:2020 – Programming Language C++},
  author       = {{ISO/IEC JTC1/SC22/WG21}},
  year         = {2020},
  url          = {https://isocpp.org/},
  note         = {C++20 Standard, accessed 2025-09-08}
}

@misc{xml,
  title        = {Extensible Markup Language (XML) 1.0 (Fifth Edition)},
  author       = {Bray, Tim and Paoli, Jean and Sperberg-McQueen, C. M. and Maler, Eve and Yergeau, François},
  year         = {2008},
  url          = {https://www.w3.org/TR/xml/},
  note         = {W3C Recommendation, accessed 2025-09-08}
}

@misc{yaml,
  title        = {YAML Ain't Markup Language (YAML) Version 1.2},
  author       = {Ben-Kiki, Oren and Evans, Clark and Ingerson, Brian},
  year         = {2021},
  url          = {https://yaml.org/spec/1.2/spec.html},
  note         = {Specification for human-friendly data serialization standard}
}

@misc{cmake,
  title        = {CMake Build System},
  author       = {{Kitware, Inc.}},
  year         = {2025},
  url          = {https://cmake.org/},
  note         = {Cross-platform build-system generator, accessed 2025-09-08}
}

@book{lamport1994latex,
  author    = {Leslie Lamport},
  title     = {{\LaTeX}: A Document Preparation System},
  publisher = {Addison-Wesley},
  year      = {1994},
  edition   = {2},
  address   = {Reading, Massachusetts},
  url       = {https://www.latex-project.org/},
  note      = {2nd edition}
}

@misc{ubuntu,
  title        = {Ubuntu Operating System},
  author       = {{Canonical Ltd.}},
  year         = {2025},
  url          = {https://ubuntu.com/},
  note         = {Debian-based GNU/Linux distribution, accessed 2025-09-08}
}

@misc{vscode,
  title        = {Visual Studio Code},
  author       = {{Microsoft Corporation}},
  year         = {2025},
  url          = {https://code.visualstudio.com/},
  note         = {Source-code editor developed by Microsoft, accessed 2025-09-08}
}

@misc{github,
  title        = {GitHub},
  author       = {{GitHub, Inc.}},
  year         = {2025},
  url          = {https://github.com/},
  note         = {Web-based platform for version control and collaboration, accessed 2025-09-08}
}

@misc{jupyter,
  title        = {Project Jupyter},
  author       = {{Project Jupyter Contributors}},
  year         = {2025},
  url          = {https://jupyter.org/},
  note         = {Open-source platform for interactive computing, accessed 2025-09-08}
}

@misc{terminator,
  title        = {Terminator Terminal Emulator},
  author       = {{Terminator Project}},
  year         = {2025},
  url          = {https://gnome-terminator.org/},
  note         = {Terminal emulator supporting multiple split panes, accessed 2025-09-08}
}

% Ejemplo de archivo referencias.bib
@inproceedings{Geiger2013KITTI,
  author    = {Andreas Geiger and Philip Lenz and Christoph Stiller and Raquel Urtasun},
  title     = {Vision meets Robotics: The KITTI Dataset},
  booktitle = {International Journal of Robotics Research (IJRR)},
  year      = {2013}
}

@inproceedings{Chen2022DELOATE,
  author    = {Xinyu Chen and et al.},
  title     = {DE-LOATE: Benchmark for Localization Accuracy Evaluation},
  booktitle = {IEEE International Conference on Robotics and Automation (ICRA)},
  year      = {2022}
}

@article{Sturm2012RPE,
  author    = {J. Sturm and N. Engelhard and F. Endres and W. Burgard and D. Cremers},
  title     = {A Benchmark for the Evaluation of RGB-D SLAM Systems},
  journal   = {IEEE/RSJ International Conference on Intelligent Robots and Systems (IROS)},
  year      = {2012}
}

@article{Fan2020Chamfer,
  author    = {Haoqiang Fan and Hao Su and Leonidas J. Guibas},
  title     = {A Point Set Generation Network for 3D Object Reconstruction from a Single Image},
  journal   = {IEEE Conference on Computer Vision and Pattern Recognition (CVPR)},
  year      = {2017},
  note      = {Chamfer Distance popularizado en trabajos de reconstrucción 3D}
}

@article{Caccia2018FScore,
  author    = {Lucas Caccia and Herke van Hoof and Aaron Courville and Joelle Pineau},
  title     = {Deep Generative Modeling of Point Clouds via Hierarchical Sampling},
  journal   = {arXiv preprint arXiv:1812.01644},
  year      = {2018},
  note      = {F-score para evaluación de nubes de puntos}
}
